@incollection{ syntax,
  author = "Jourdan, Christine",
  year = 2004,
  pages = "702-719",
  title = "Solomon Islands Pijin: morphology and syntax",
  booktitle = "A Handbook of Varieties of English: Morphology and syntax",
  editor = "Schneider, E.W.",
  publisher = "Mouton de Gruyter",
  address = "Berlin"
}

@incollection{ phonology,
  author = "Jourdan, Christine and Selbach, Rachel",
  year = 2004,
  pages = "690-791",
  title = "Solomon Islands Pijin: phonology and phonetics",
  booktitle = "A Handbook of Varieties of English: Phonology and phonetics",
  editor = "Kortmann, B.",
  publisher = "Mouton de Gruyter",
  address = "Berlin"
}

@article{ nativization,
  author = {Jourdan, Christine},
  title = {Nativization and anglicization in Solomon Islands Pijin},
  journal = {World Englishes},
  publisher = {Wiley-Blackwell},
  address = "Oxon",
  volume = {8},
  number = {1},
  pages = {25-35},
  year = {1989}
}

@book{ dictionary,
  author    = "Jourdan, Christine and Maebiru, Ellen",
  title     = "Pijin : a trilingual cultural dictionary : Pijin-Inglis-Franis, Pijin-English-French, Pijin-Anglais-Fran\c{c}ais",
  publisher = "Australian National University",
  year      = "2002",
  series    = "Pacific linguistics",
  number    = "526",
  address = "Canberra"
}

@article{ prepositions,
  author = "Lee, Ernest W.",
  title = "On prepositions in Solomon Islands Pijin",
  journal = "Pacific Linguistics C",
  volume = 133,
  pages = "383-401",
  year = 1996,
  publisher = "Australian National University",
  address = "Canberra"
}

@article{ malaitan,
  author = "Simons, Linda",
  title = "Malaitan influence on two grammatical particles in Solomon Islands Pijin
",
  journal = "Pacific Linguistics A",
  volume = 72,
  pages = "53-65",
  year = 1985,
  publisher = "Australian National University",
  address = "Canberra"
}

@book{ yumi,
  author = "Simons, Linda and Hugh Young",
  year = 1978,
  title = "Pijin blong yumi (A guide to Solomon Islands Pijin)",
  address = "Honiara",
  publisher = "Solomon Islands Christian Association"
}

@book{ eric,
  author = "Huebner, Thom and Horoi, Stephen Rex",
  year = 1979,
  title = "Solomon Islands Pijin: Grammar Handbook",
  series = "Peace Corps Language Handbook Series",
  publisher = "Peace Corps",
  address = "Washington D.C."
}

@book{ english,
  address = {London},
  author = {Quirk, Randolph and Greenbaum, Sidney and Leech, Geoffrey and Svartvik, Jan},
  publisher = {Longman},
  title = {A Comprehensive Grammar of the English Language},
  year = 1985
}

@Misc{ manguru,
  author = "IUCN, International Union for Conservation of Nature",
  title = "Solomon Islands: living with mangroves",
  note = "\url{https://www.youtube.com/watch?v=oHAu852A1bM} (動画) (2019年12月2日閲覧)",
  year = 2014
}

@book{keesing,
  title = {Melanesian Pidgin and the Oceanic Substrate},
  author = {Keesing, R.M.},
  year = 1988,
  publisher = {Stanford University Press},
  address = {California}
}

@misc{ solomontimes,
  author = {{The SolomonTimes.com}},
  title = "Launch of New Pidgin Bible",
  year = 2008,
  note = "\url{https://www.solomontimes.com/news/launch-of-new-pidgin-bible/1994} (2019年12月21日閲覧)"
}

@article{chafe,
 author = {Wallace Chafe and Deborah Tannen},
 journal = {Annual Review of Anthropology},
 pages = {383--407},
 publisher = {Annual Reviews},
 title = {The Relation between Written and Spoken Language},
 volume = {16},
 year = {1987}
}

@article{ bae,
  author = {Christine Jourdan},
  title = {Creolisation, nativisation or substrate influence: what is happening to "bae" in Solomon Islands Pijin},
  journal = {Pacific Linguistics A},
  publisher = "Australian National University",
  address = {Canberra},
  volume = 72,
  year = 1985,
  pages = {67--96}
}

@book{ rr2,
  title = "Buk fo ridim an raetem Pijin: Buk 2",
  editor = {Lee, Ernest W.},
  publisher = {Pijin Literacy Project of the Solomon Islands Christian Association},
  address = {Honiara},
  year = 1985
}

@book{ todd,
  title={Modern Englishes : pidgins and creoles},
  author={Loreto Todd},
  year={1984},
  publisher={Basil Blackwell},
  address={Oxford}
}
